
@inproceedings{BAMMAN2006,
	author = {Bamman, David and Crane, Gregory},
	title = {The Design and Use of a Latin Dependency Treebank},
	journal = {Procedings of the TLT},
	year = {2006},
	pages = {67-78},
	editor = {Hajic, Jan and Nivre, Joakim},
	booktitle = {Proceedings of the Fifth International Treebanks and Linguistic Theories Conference},
	organization = {Institute of Formal and Applied Linguistics, Faculty of Mathematics and Physics, Charles University},
	url = {http://hdl.handle.net/10427/42684},
	address = {Prag}
}

@book{BAYER-LINDAUER1994,
	title = {Lateinische Grammatik},
	editor = {Bayer, Karl and Lindauer, Josef},
	publisher = {C.C. Buchners Verlag, J. Lindauer Verlag, R. Oldenburg Verlag},
	year = {1994},
	city = {Bamberg, M"unchen},
	edition = {2. Auflage, auf der Grundlage der Lateinischen Schulgrammatik von Landgraf-Leitschuh neu bearbeitet}
}

@book{HOPCROFT1979,
	author = {Hopcroft, John E. and Ullman, Jeffrey D.},
	title = {Introduction to Automata Theory, Languages and Computation},
	publisher = {Addison-Wesley Publishing Company},
	year = {1979},
	city = {Reading MA, Menlo Park CA, London, Amsterdam, Don Mills ON, Sydney}
}

@book{LANGENSCHEIDT1981,
	title = {Langenscheidts Schulw"orterbuch Lateinisch},
	subtitle = {Lateinisch-Deutsch Deutsch-Latein},
	edition = {14. Auflage},
	editor = {Pertsch, {\relax Dr.} Erich and Lange-Kowal, {\relax Dr.} Ernst Erwin},
	publisher = {Langenscheidt},
	year = {1981},
	city = {Berlin, M"uenchen, Wien, Z"urich}
}

@book{METZLER2004,
	publisher = {Directmedia},
	title = {Metzler Lexikon Sprache},
	year = {2004},
	city = {Berlin},
	editor = {Gl"uck, Helmut},
	series = {Digitale Bibliothek},
	number = {34},
	edition = {2. Auflage}
}

@book{MUELLER-LANCE2006,
	author = {M"uller-Lanc\'e, Johannes},
	title = {Latein f"ur Romanisten},
	publisher = {Gunter Narr Verlag},
	city = {T"ubingen},
	year = {2006},
	subtitle = {Ein Lehr- und Arbeitsbuch},
	edition = {1. Auflage}
}

@book{NEUE1897,
	author = {Neue, Friedrich},
	title = {Formenlehre der lateinischen Sprache},
	publisher = {S. Calvary & Co.},
	year = {1897},
	city = {Berlin},
	volume = {Band 3},
	subtitle = {Das Verb},
	edition = {3. sehr vermehrte Auflage}
}

@book{PONS2012,
	title = {Sch"ulerw"orterbuch Latein},
	editor = {Dralle, Anette and Federking, Walther and Vetter, Gregor},
	publisher = {PONS GmbH},
	year = {2012},
	city = {Stuttgart},
	subtitle = {Latein-Deutsch und Deutsch-Latein},
	edition = {1. Auflage}
}

@book{RANTA2011,
	author = {Ranta, Aarne},
	title = {Grammatical Framework},
	publisher = {CSLL Studies in Computational Linguistics},
	year = {2011},
	subtitle = {Programming with Multilingual Grammars},
	city = {Stanford, California}
}

@book{SCHOENING2008,
	author = {Sch"oning, Uwe},
	title = {Theoretische Intormatik - kurz gefasst},
	publisher = {Spektrum Akademischer Verlag},
	year = {2008},
	city = {Heidelberg},
	edition = {5. Auflage}
}

